<?xml version="1.0" encoding="UTF-8"?><collection xmlns="http://www.loc.gov/MARC21/slim"><record><leader>00541nam--2200181-i-4500</leader><controlfield tag="001">000041436</controlfield><controlfield tag="002">20161230</controlfield><controlfield tag="005">20161230201043</controlfield><controlfield tag="008">060222s1000------------r-----000-0-fre-d</controlfield><datafield ind1=" " ind2=" " tag="040"><subfield code="a">IFIN-HH</subfield></datafield><datafield ind1=" " ind2=" " tag="041"><subfield code="a">fre</subfield></datafield><datafield ind1=" " ind2=" " tag="080"><subfield code="a">537.222.22(043)</subfield></datafield><datafield ind1="1" ind2=" " tag="100"><subfield code="a">Shehata,Philip</subfield></datafield><datafield ind1="1" ind2="0" tag="245"><subfield code="a">Solution analytique exacte de l`equation aux composes a structure zinc blende a gap</subfield><subfield code="b">These</subfield><subfield code="c">Philip shehata</subfield></datafield><datafield ind1=" " ind2=" " tag="260"><subfield code="a">Languedoc</subfield><subfield code="b">Universite Des Sciences Et Techniques</subfield><subfield code="c">1985</subfield></datafield><datafield ind1=" " ind2=" " tag="300"><subfield code="a">134 P</subfield></datafield><datafield ind1=" " ind2=" " tag="852"><subfield code="a">74049</subfield><subfield code="c">537.226</subfield></datafield><datafield ind1=" " ind2=" " tag="CAT"><subfield code="a">Sys</subfield><subfield code="c">20110707</subfield><subfield code="h">125033</subfield></datafield></record></collection>